%% This BibTeX bibliography file was created using BibDesk.
%% http://bibdesk.sourceforge.net/


%% Created for David Snyder at 2007-05-14 14:32:07 -0500 


%% Saved with string encoding Western (ASCII) 



@book{sossinskyknotsandbraids,
	Address = {Providence, RI},
	Author = {Prasolov, V. V. and Sossinsky, A. B.},
	Date-Added = {2007-05-14 14:24:05 -0500},
	Date-Modified = {2007-05-14 14:24:05 -0500},
	Isbn = {0-8218-0588-6},
	Mrclass = {57M25 (57M12 57N10)},
	Mrnumber = {MR1414898 (98i:57018)},
	Mrreviewer = {Joanna Kania-Bartoszynska},
	Note = {An introduction to the new invariants in low-dimensional topology, Translated from the Russian manuscript by Sossinsky [Sosinski\u\i]},
	Pages = {viii+239},
	Publisher = {American Mathematical Society},
	Series = {Translations of Mathematical Monographs},
	Title = {Knots, links, braids and 3-manifolds},
	Volume = {154},
	Year = {1997}}

@book{LivingstonText,
	Author = {Livingston, Charles},
	Date-Added = {2007-05-14 14:24:05 -0500},
	Date-Modified = {2007-05-14 14:24:05 -0500},
	Publisher = {MAA},
	Series = {Carus Mathematical Monographs},
	Title = {Knot Theory},
	Url = {https://enterprise.maa.org/ecomtpro/Timssnet/products/TNT_products.cfm},
	Year = {1993}}

@book{lr,
	Date-Added = {2007-05-14 14:24:05 -0500},
	Date-Modified = {2007-05-14 14:24:05 -0500}}

@article{milner91polyadicpi,
	Author = {Robin Milner},
	Date-Added = {2007-05-14 14:24:05 -0500},
	Date-Modified = {2007-05-14 14:24:05 -0500},
	Editor = {F.L. Hamer, W. Brauer, H. Schwichtenberg},
	Journal = {Logic and Algebra of Specification},
	Title = {The polyadic $\pi$-calculus: A tutorial},
	Url = {http://www.lfcs.informatics.ed.ac.uk/reports/91/ECS-LFCS-91-180/ECS-LFCS-91-180.ps},
	Volume = {Springer-Verlag},
	Year = {1993}}

@book{MilnerCCS80,
	Author = {Robin Milner},
	Date-Added = {2007-05-14 14:24:05 -0500},
	Date-Modified = {2007-05-14 14:24:05 -0500},
	Isbn = {0387102353},
	Publisher = {Springer Verlag},
	Title = {A Calculus of Communicating Systems},
	Year = {1980}}

@article{DBLP:journals/cacm/Milner93,
	Author = {Robin Milner},
	Bibsource = {DBLP, http://dblp.uni-trier.de},
	Date-Added = {2007-05-14 14:24:05 -0500},
	Date-Modified = {2007-05-14 14:24:05 -0500},
	Journal = {Commun. ACM},
	Number = {1},
	Pages = {78-89},
	Title = {Elements of Interaction - Turing Award Lecture.},
	Volume = {36},
	Year = {1993}}

@article{DBLP:journals/infncomp/MPW192,
	Author = {Robin Milner and Joachim Parrow and David Walker},
	Date-Added = {2007-05-14 14:24:05 -0500},
	Date-Modified = {2007-05-14 14:24:05 -0500},
	Journal = {Information and Computation},
	Number = {1},
	Pages = {1-40},
	Title = {A calculus of mobile processes, I},
	Volume = {100},
	Year = {1992}}

@article{DBLP:journals/infncomp/MPW292,
	Author = {Robin Milner and Joachim Parrow and David Walker},
	Date-Added = {2007-05-14 14:24:05 -0500},
	Date-Modified = {2007-05-14 14:24:05 -0500},
	Journal = {Information and Computation},
	Number = {1},
	Pages = {41-77},
	Title = {A calculus of mobile processes, II},
	Volume = {100},
	Year = {1992}}

@inproceedings{DBLP:conf/icalp/MilnerS92,
	Author = {Robin Milner and Davide Sangiorgi},
	Bibsource = {DBLP, http://dblp.uni-trier.de},
	Booktitle = {ICALP},
	Crossref = {DBLP:conf/icalp/1992},
	Date-Added = {2007-05-14 14:24:05 -0500},
	Date-Modified = {2007-05-14 14:24:05 -0500},
	Pages = {685-695},
	Title = {Barbed Bisimulation.},
	Year = {1992}}

@inproceedings{DBLP:conf/mfcs/Sangiorgi95,
	Author = {Davide Sangiorgi},
	Bibsource = {DBLP, http://dblp.uni-trier.de},
	Booktitle = {MFCS},
	Crossref = {DBLP:conf/mfcs/1995},
	Date-Added = {2007-05-14 14:24:05 -0500},
	Date-Modified = {2007-05-14 14:24:05 -0500},
	Pages = {479-488},
	Title = {On the Proof Method for Bisimulation (Extended Abstract).},
	Year = {1995}}

@article{DBLP:journals/tcs/CardelliG00,
	Author = {Luca Cardelli and Andrew D. Gordon},
	Bibsource = {DBLP, http://dblp.uni-trier.de},
	Date-Added = {2007-05-14 14:24:05 -0500},
	Date-Modified = {2007-05-14 14:24:05 -0500},
	Ee = {http://dx.doi.org/10.1016/S0304-3975(99)00231-5},
	Journal = {Theor. Comput. Sci.},
	Number = {1},
	Pages = {177-213},
	Title = {Mobile ambients.},
	Volume = {240},
	Year = {2000}}

@proceedings{DBLP:conf/mfcs/1995,
	Bibsource = {DBLP, http://dblp.uni-trier.de},
	Booktitle = {MFCS},
	Date-Added = {2007-05-14 14:24:05 -0500},
	Date-Modified = {2007-05-14 14:24:05 -0500},
	Editor = {Jir\'{\i} Wiedermann and Petr H{\'a}jek},
	Isbn = {3-540-60246-1},
	Publisher = {Springer},
	Series = {Lecture Notes in Computer Science},
	Title = {Mathematical Foundations of Computer Science 1995, 20th International Symposium, MFCS'95, Prague, Czech Republic, August 28 - September 1, 1995, Proceedings},
	Volume = {969},
	Year = {1995}}

@proceedings{DBLP:conf/icalp/1992,
	Bibsource = {DBLP, http://dblp.uni-trier.de},
	Booktitle = {ICALP},
	Date-Added = {2007-05-14 14:24:05 -0500},
	Date-Modified = {2007-05-14 14:24:05 -0500},
	Editor = {Werner Kuich},
	Isbn = {3-540-55719-9},
	Publisher = {Springer},
	Series = {Lecture Notes in Computer Science},
	Title = {Automata, Languages and Programming, 19th International Colloquium, ICALP92, Vienna, Austria, July 13-17, 1992, Proceedings},
	Volume = {623},
	Year = {1992}}

@book{ManturovKnots,
	Author = {Manturov, Vassily},
	Date-Added = {2007-05-14 14:24:05 -0500},
	Date-Modified = {2007-05-14 14:24:06 -0500},
	Isbn = {0-415-31001-6},
	Mrclass = {57M25 (57M27)},
	Mrnumber = {MR2068425 (2005d:57008)},
	Mrreviewer = {Jacob Mostovoy},
	Pages = {xiv+400},
	Publisher = {Chapman \& Hall/CRC, Boca Raton, FL},
	Title = {Knot theory},
	Year = {2004}}

@book{CromwellKnots,
	Address = {Cambridge},
	Author = {Cromwell, Peter R.},
	Date-Added = {2007-05-14 14:24:05 -0500},
	Date-Modified = {2007-05-14 14:24:06 -0500},
	Isbn = {0-521-83947-5; 0-521-54831-4},
	Mrclass = {57M25},
	Mrnumber = {MR2107964 (2005k:57011)},
	Mrreviewer = {Sergei K. Lando},
	Pages = {xviii+328},
	Publisher = {Cambridge University Press},
	Title = {Knots and links},
	Year = {2004}}

@inproceedings{djoin,
	Author = {Fournet, C{\'e}dric and Gontheir, Georges and L{\'e}vy, Jean-Jacques and Maranget, Luc and R{\'e}my, Didier},
	Booktitle = {CONCUR 1996},
	Date-Added = {2007-05-14 14:24:05 -0500},
	Date-Modified = {2007-05-14 14:24:06 -0500},
	Editor = {Ugo Montanari and Vladimiro Sassone},
	Pages = {406--421},
	Publisher = {Springer-Verlag},
	Series = {Lecture Notes in Computer Science},
	Title = {A Calculus of Mobile Agents},
	Url = {http:// research.microsoft.com/ ~fournet/ papers/ calculus-of-mobile-agents.ps},
	Volume = {1119},
	Year = {1996}}

@article{facile,
	Author = {B. Thomsen},
	Date-Added = {2007-05-14 14:24:05 -0500},
	Date-Modified = {2007-05-14 14:24:06 -0500},
	Journal = {Information and Computation},
	Number = {1},
	Pages = {38--57},
	Title = {{A Theory of Higher Order Communication Systems}},
	Volume = {116},
	Year = {1995}}

@article{hop,
	Author = {Davide Sangiorgi},
	Date-Added = {2007-05-14 14:24:05 -0500},
	Date-Modified = {2007-05-14 14:24:06 -0500},
	Journal = {Information and Computation},
	Pages = {141--178},
	Title = {Bisimulation in Higher-Order Process Calculi},
	Url = {http://www.inria.fr/RRRT/RR-2508.html},
	Volume = {131},
	Year = {1996}}

@article{r5rs,
	Author = {H. Abelson and R.K. Dybvig and C.T. Haynes and G.J. Rozaz and N.I. Adams IV and D.P. Friedman and E. Kohlbecker and G.L. Steele, Jr. and D.H. Bartley and R. Halstead and D. Oxley and G.J. Sussman and G. Brooks and C. Hanson and K.M. Pitman and M. Wand},
	Date-Added = {2007-05-14 14:24:05 -0500},
	Date-Modified = {2007-05-14 14:24:06 -0500},
	Editor = {Richard Kelsey and William Clinger and Jonathan Rees},
	Journal = {Higher-order and Symbolic Computation},
	Pages = {7-105},
	Publisher = {Kluwer},
	Title = {Revised5 Report on the Algorithmic Language Scheme},
	Volume = {11},
	Year = {1998}}

@article{polysync,
	Author = {M.Carbone and S.Maffeis},
	Date-Added = {2007-05-14 14:24:05 -0500},
	Date-Modified = {2007-05-14 14:24:06 -0500},
	Journal = {Nordic Journal of Computing},
	Pages = {70-98},
	Title = {On the Expressive Power of Polyadic Synchronisation in Pi-Calculus},
	Volume = {10(2)},
	Year = {2003}}

@article{PavlovicD:CLNA,
	Author = {Dusko Pavlovic},
	Date-Added = {2007-05-14 14:24:05 -0500},
	Date-Modified = {2007-05-14 14:24:06 -0500},
	Journal = {Math. Structures in Comp. Sci.},
	Pages = {619--637},
	Title = {Categorical logic of names and abstraction in action calculus},
	Url = {ftp://ftp.kestrel.edu/pub/papers/pavlovic/CLNA.ps},
	Volume = {7},
	Year = {1997}}

@inproceedings{lisp3,
	Author = {J. des Rivieres and B. C. Smith},
	Booktitle = {ACM Symposium on Lisp and Functional Programming},
	Date-Added = {2007-05-14 14:24:05 -0500},
	Date-Modified = {2007-05-14 14:24:06 -0500},
	Pages = {331-347},
	Title = {The implementation of procedurally reflective languages},
	Year = {1984}}

@unpublished{globalpi,
	Author = {Lucian Wischik},
	Date-Added = {2007-05-14 14:24:05 -0500},
	Date-Modified = {2007-05-14 14:24:06 -0500},
	Note = {Submitted for publication},
	Title = {Old Names for Nu},
	Year = {2004}}

@unpublished{JavaReflection,
	Author = {Sun Microsoft Inc.},
	Date-Added = {2007-05-14 14:24:05 -0500},
	Date-Modified = {2007-05-14 14:24:06 -0500},
	Note = {http://sunsite.tus.ac.jp/java/docs/jdk1.1/java-reflection.pdf},
	Title = {Java Core Reflection API and Specification}}

@inproceedings{DBLP:conf/tgc/MeredithR05,
	Author = {L. Gregory Meredith and Matthias Radestock},
	Bibsource = {DBLP, http://dblp.uni-trier.de},
	Booktitle = {TGC},
	Crossref = {DBLP:conf/tgc/2005},
	Date-Added = {2007-05-14 14:24:05 -0500},
	Date-Modified = {2007-05-14 14:24:06 -0500},
	Ee = {http://dx.doi.org/10.1007/11580850_19},
	Pages = {353-369},
	Title = {Namespace Logic: A Logic for a Reflective Higher-Order Calculus.},
	Year = {2005}}

@proceedings{DBLP:conf/tgc/2005,
	Bibsource = {DBLP, http://dblp.uni-trier.de},
	Booktitle = {TGC},
	Date-Added = {2007-05-14 14:24:05 -0500},
	Date-Modified = {2007-05-14 14:24:06 -0500},
	Editor = {Rocco De Nicola and Davide Sangiorgi},
	Isbn = {3-540-30007-4},
	Publisher = {Springer},
	Series = {Lecture Notes in Computer Science},
	Title = {Trustworthy Global Computing, International Symposium, TGC 2005, Edinburgh, UK, April 7-9, 2005, Revised Selected Papers},
	Volume = {3705},
	Year = {2005}}

@article{DBLP:journals/cacm/MeredithB03,
	Author = {Greg Meredith and Steve Bjorg},
	Bibsource = {DBLP, http://dblp.uni-trier.de},
	Date-Added = {2007-05-14 14:24:05 -0500},
	Date-Modified = {2007-05-14 14:24:06 -0500},
	Ee = {http://doi.acm.org/10.1145/944236},
	Journal = {Commun. ACM},
	Number = {10},
	Pages = {41-47},
	Title = {Contracts and types.},
	Volume = {46},
	Year = {2003}}

@article{DBLP:journals/entcs/MeredithR05,
	Author = {L. Gregory Meredith and Matthias Radestock},
	Bibsource = {DBLP, http://dblp.uni-trier.de},
	Date-Added = {2007-05-14 14:24:05 -0500},
	Date-Modified = {2007-05-14 14:24:06 -0500},
	Ee = {http://dx.doi.org/10.1016/j.entcs.2005.05.016},
	Journal = {Electr. Notes Theor. Comput. Sci.},
	Number = {5},
	Pages = {49-67},
	Title = {A Reflective Higher-order Calculus.},
	Volume = {141},
	Year = {2005}}

@inproceedings{meredith2005rho,
	Author = {Meredith, L.G. and Radestock, Matthias},
	Booktitle = {ETAPS 2005 Satellites},
	Date-Added = {2007-05-14 14:24:05 -0500},
	Date-Modified = {2007-05-14 14:24:06 -0500},
	Editor = {Mirko Viroli},
	Publisher = {Springer-Verlag},
	Title = {A reflective higher-order calculus},
	Year = {2005}}

@inproceedings{DBLP:conf/ccs/AbadiG97,
	Author = {Mart\'{\i}n Abadi and Andrew D. Gordon},
	Bibsource = {DBLP, http://dblp.uni-trier.de},
	Booktitle = {ACM Conference on Computer and Communications Security},
	Date-Added = {2007-05-14 14:24:05 -0500},
	Date-Modified = {2007-05-14 14:24:06 -0500},
	Ee = {http://doi.acm.org/10.1145/266420.266432},
	Pages = {36-47},
	Title = {A Calculus for Cryptographic Protocols: The Spi Calculus.},
	Year = {1997}}

@inproceedings{DBLP:conf/popl/AbadiB02,
	Author = {Mart\'{\i}n Abadi and Bruno Blanchet},
	Bibsource = {DBLP, http://dblp.uni-trier.de},
	Booktitle = {POPL},
	Date-Added = {2007-05-14 14:24:05 -0500},
	Date-Modified = {2007-05-14 14:24:06 -0500},
	Ee = {http://doi.acm.org/10.1145/503272.503277},
	Pages = {33-44},
	Title = {Analyzing security protocols with secrecy types and logic programs.},
	Year = {2002}}

@article{DBLP:journals/tcs/AbadiB03,
	Author = {Mart\'{\i}n Abadi and Bruno Blanchet},
	Bibsource = {DBLP, http://dblp.uni-trier.de},
	Date-Added = {2007-05-14 14:24:05 -0500},
	Date-Modified = {2007-05-14 14:24:06 -0500},
	Ee = {http://dx.doi.org/10.1016/S0304-3975(02)00863-0},
	Journal = {Theor. Comput. Sci.},
	Number = {298},
	Pages = {387-415},
	Title = {Secrecy types for asymmetric communication.},
	Volume = {3},
	Year = {2003}}

@article{DBLP:journals/tcs/GordonJ03,
	Author = {Andrew D. Gordon and Alan Jeffrey},
	Bibsource = {DBLP, http://dblp.uni-trier.de},
	Date-Added = {2007-05-14 14:24:05 -0500},
	Date-Modified = {2007-05-14 14:24:06 -0500},
	Ee = {http://dx.doi.org/10.1016/S0304-3975(02)00333-X},
	Journal = {Theor. Comput. Sci.},
	Number = {300},
	Pages = {379-409},
	Title = {Typing correspondence assertions for communication protocols.},
	Volume = {1-3},
	Year = {2003}}

@inproceedings{DBLP:conf/fossacs/Caires04,
	Author = {Lu\'{\i}s Caires},
	Bibsource = {DBLP, http://dblp.uni-trier.de},
	Booktitle = {FoSSaCS},
	Date-Added = {2007-05-14 14:24:05 -0500},
	Date-Modified = {2007-05-14 14:24:06 -0500},
	Ee = {http://springerlink.metapress.com/openurl.asp?genre=article{\&}issn=0302-9743{\&}volume=2987{\&}spage=72},
	Pages = {72-89},
	Title = {Behavioral and Spatial Observations in a Logic for the pi-Calculus.},
	Year = {2004}}

@article{DBLP:journals/tcs/CairesC04,
	Author = {Lu\'{\i}s Caires and Luca Cardelli},
	Bibsource = {DBLP, http://dblp.uni-trier.de},
	Date-Added = {2007-05-14 14:24:05 -0500},
	Date-Modified = {2007-05-14 14:24:06 -0500},
	Ee = {http://dx.doi.org/10.1016/j.tcs.2003.10.041},
	Journal = {Theor. Comput. Sci.},
	Number = {3},
	Pages = {517-565},
	Title = {A spatial logic for concurrency - II.},
	Volume = {322},
	Year = {2004}}

@article{DBLP:journals/iandc/CairesC03,
	Author = {Lu\'{\i}s Caires and Luca Cardelli},
	Bibsource = {DBLP, http://dblp.uni-trier.de},
	Date-Added = {2007-05-14 14:24:05 -0500},
	Date-Modified = {2007-05-14 14:24:06 -0500},
	Ee = {http://dx.doi.org/10.1016/S0890-5401(03)00137-8},
	Journal = {Inf. Comput.},
	Number = {2},
	Pages = {194-235},
	Title = {A spatial logic for concurrency (part I).},
	Volume = {186},
	Year = {2003}}

@book{MilnerPi,
	Altauthor = {Milner, Robin},
	Author = {Robin Milner},
	Date-Added = {2007-05-14 14:24:05 -0500},
	Date-Modified = {2007-05-14 14:24:06 -0500},
	Publisher = {Cambridge University Press},
	Title = {Communicating and Mobile Systems: the $\pi$-Calculus},
	Year = {1999}}

@book{SangiorgiWalker,
	Altauthor = {D. Sangiorgi and D. Walker},
	Author = {David Sangiorgi and David Walker},
	Date-Added = {2007-05-14 14:24:05 -0500},
	Date-Modified = {2007-05-14 14:24:06 -0500},
	Publisher = {Cambridge University Press},
	Title = {The $\pi$-Calculus: A Theory of Mobile Processes},
	Year = {2001}}

@inproceedings{Krivine-TheCurryHowardCorre,
	Author = {Jean-Louis Krivine},
	Booktitle = {Proceedings of the Fifteenth Annual IEEE Symp. on Logic in Computer Science, {LICS} 2000},
	Date-Added = {2007-05-14 14:24:05 -0500},
	Date-Modified = {2007-05-14 14:24:06 -0500},
	Editor = {Martin Abadi},
	Location = {Santa Barbara, CA, USA},
	Month = {June},
	Publisher = {IEEE Computer Society Press},
	Title = {The Curry-Howard Correspondence in Set Theory},
	Year = {2000}}

@book{ONAG,
	Author = {John Horton Conway},
	Date-Added = {2007-05-14 14:24:05 -0500},
	Date-Modified = {2007-05-14 14:24:06 -0500},
	Publisher = {Academic Press},
	Title = {{On Numbers and Games}},
	Year = {1976}}

@inproceedings{W3CInfoset,
	Author = {John Cowan and Richard Tobin},
	Date-Added = {2007-05-14 14:24:05 -0500},
	Date-Modified = {2007-05-14 14:24:06 -0500},
	Ee = {http://www.w3.org/TR/xml-infoset/},
	Publisher = {W3C},
	Title = {XML Information Set},
	Year = {2004}}

@inproceedings{W3CXSD,
	Author = {Henry S. Thompson and David Beech and Murray Maloney and Noah Mendelsohn},
	Date-Added = {2007-05-14 14:24:05 -0500},
	Date-Modified = {2007-05-14 14:24:06 -0500},
	Ee = {http://www.w3.org/TR/2004/REC-xmlschema-1-20041028/},
	Publisher = {W3C},
	Title = {XML Schema Part I: Structures, Second Edition},
	Year = {2004}}

@inproceedings{DBLP:conf/tacs/Milner97,
	Author = {Robin Milner},
	Bibsource = {DBLP, http://dblp.uni-trier.de},
	Booktitle = {TACS},
	Crossref = {conf/tacs/1997},
	Date-Added = {2007-05-14 14:24:05 -0500},
	Date-Modified = {2007-05-14 14:24:06 -0500},
	Pages = {1-19},
	Title = {Strong Normalisation in Higher-Order Action Calculi.},
	Year = {1997}}

@incollection{GabbayMJ:picfm,
	Author = {M.~J.~Gabbay},
	Booktitle = {Thirty-five years of {A}utomath},
	Date-Added = {2007-05-14 14:24:05 -0500},
	Date-Modified = {2007-05-14 14:24:06 -0500},
	Editor = {Fairouz Kamareddine},
	Publisher = {Kluwer},
	Title = {The $\pi$-calculus in {FM}},
	Year = {2003}}

@inproceedings{DBLP:conf/lics/GabbayC04,
	Author = {Murdoch Gabbay and James Cheney},
	Bibsource = {DBLP, http://dblp.uni-trier.de},
	Booktitle = {LICS},
	Crossref = {DBLP:conf/lics/2004},
	Date-Added = {2007-05-14 14:24:05 -0500},
	Date-Modified = {2007-05-14 14:24:06 -0500},
	Ee = {http://csdl.computer.org/comp/proceedings/lics/2004/2192/00/21920139abs.htm},
	Pages = {139-148},
	Title = {A Sequent Calculus for Nominal Logic.},
	Year = {2004}}

@incollection{ThurberUnicorn,
	Author = {James Thurber},
	Booktitle = {Fables for our time},
	Date-Added = {2007-05-14 14:24:05 -0500},
	Date-Modified = {2007-05-14 14:24:06 -0500},
	Publisher = {New York: Harper and Row},
	Title = {The unicorn in the garden [1940]},
	Year = {1968}}

@article{DBLP:journals/apal/Abramsky91,
	Author = {Samson Abramsky},
	Bibsource = {DBLP, http://dblp.uni-trier.de},
	Date-Added = {2007-05-14 14:24:05 -0500},
	Date-Modified = {2007-05-14 14:24:06 -0500},
	Journal = {Ann. Pure Appl. Logic},
	Number = {1-2},
	Pages = {1-77},
	Title = {Domain Theory in Logical Form.},
	Volume = {51},
	Year = {1991}}

@article{DBLP:journals/mscs/AbramskyV93,
	Author = {Samson Abramsky and Steven Vickers},
	Bibsource = {DBLP, http://dblp.uni-trier.de},
	Date-Added = {2007-05-14 14:24:05 -0500},
	Date-Modified = {2007-05-14 14:24:06 -0500},
	Journal = {Mathematical Structures in Computer Science},
	Number = {2},
	Pages = {161-227},
	Title = {Quantales, Observational Logic and Process Semantics.},
	Volume = {3},
	Year = {1993}}

@article{DBLP:journals/tcs/Abramsky93,
	Author = {Samson Abramsky},
	Bibsource = {DBLP, http://dblp.uni-trier.de},
	Date-Added = {2007-05-14 14:24:05 -0500},
	Date-Modified = {2007-05-14 14:24:06 -0500},
	Journal = {Theor. Comput. Sci.},
	Number = {1{\&}2},
	Pages = {3-57},
	Title = {Computational Interpretations of Linear Logic.},
	Volume = {111},
	Year = {1993}}

@inproceedings{DBLP:conf/cmsb/RegevS03,
	Author = {Amitai Regev and Ehud Y. Shapiro},
	Bibsource = {DBLP, http://dblp.uni-trier.de},
	Booktitle = {CMSB},
	Crossref = {DBLP:conf/cmsb/2003},
	Date-Added = {2007-05-14 14:24:05 -0500},
	Date-Modified = {2007-05-14 14:24:06 -0500},
	Ee = {http://link.springer.de/link/service/series/0558/bibs/2602/26020001.htm},
	Pages = {1-3},
	Title = {Cells as Computation.},
	Year = {2003}}

@proceedings{DBLP:conf/cmsb/2003,
	Bibsource = {DBLP, http://dblp.uni-trier.de},
	Booktitle = {CMSB},
	Date-Added = {2007-05-14 14:24:05 -0500},
	Date-Modified = {2007-05-14 14:24:07 -0500},
	Editor = {Corrado Priami},
	Isbn = {3-540-00605-2},
	Publisher = {Springer},
	Series = {Lecture Notes in Computer Science},
	Title = {Computational Methods in Systems Biology, First International Workshop, CMSB 2003, Roverto, Italy, February 24-26, 2003, Proceedings},
	Volume = {2602},
	Year = {2003}}

@inproceedings{DBLP:conf/esop/DanosL03,
	Author = {Vincent Danos and Cosimo Laneve},
	Bibsource = {DBLP, http://dblp.uni-trier.de},
	Booktitle = {ESOP},
	Crossref = {DBLP:conf/esop/2003},
	Date-Added = {2007-05-14 14:24:05 -0500},
	Date-Modified = {2007-05-14 14:24:07 -0500},
	Ee = {http://link.springer.de/link/service/series/0558/bibs/2618/26180302.htm},
	Pages = {302-318},
	Title = {Core Formal Molecular Biology.},
	Year = {2003}}

@proceedings{DBLP:conf/esop/2003,
	Bibsource = {DBLP, http://dblp.uni-trier.de},
	Booktitle = {ESOP},
	Date-Added = {2007-05-14 14:24:05 -0500},
	Date-Modified = {2007-05-14 14:24:07 -0500},
	Editor = {Pierpaolo Degano},
	Isbn = {3-540-00886-1},
	Publisher = {Springer},
	Series = {Lecture Notes in Computer Science},
	Title = {Programming Languages and Systems, 12th European Symposium on Programming, ESOP 2003, Held as Part of the Joint European Conferences on Theory and Practice of Software, ETAPS 2003, Warsaw, Poland, April 7-11, 2003, Proceedings},
	Volume = {2618},
	Year = {2003}}

@inproceedings{DBLP:conf/cmsb/Cardelli04,
	Author = {Luca Cardelli},
	Bibsource = {DBLP, http://dblp.uni-trier.de},
	Booktitle = {CMSB},
	Crossref = {DBLP:conf/cmsb/2004},
	Date-Added = {2007-05-14 14:24:05 -0500},
	Date-Modified = {2007-05-14 14:24:07 -0500},
	Ee = {http://springerlink.metapress.com/openurl.asp?genre=article{\&}issn=0302-9743{\&}volume=3082{\&}spage=257},
	Pages = {257-278},
	Title = {Brane Calculi.},
	Year = {2004}}

@article{DBLP:journals/ipl/PriamiRSS01,
	Author = {Corrado Priami and Aviv Regev and Ehud Y. Shapiro and William Silverman},
	Bibsource = {DBLP, http://dblp.uni-trier.de},
	Date-Added = {2007-05-14 14:24:05 -0500},
	Date-Modified = {2007-05-14 14:24:07 -0500},
	Ee = {http://dx.doi.org/10.1016/S0020-0190(01)00214-9},
	Journal = {Inf. Process. Lett.},
	Number = {1},
	Pages = {25-31},
	Title = {Application of a stochastic name-passing calculus to representation and simulation of molecular processes.},
	Volume = {80},
	Year = {2001}}

@inproceedings{DBLP:conf/ijcai/Milner71,
	Author = {Robin Milner},
	Bibsource = {DBLP, http://dblp.uni-trier.de},
	Booktitle = {IJCAI},
	Date-Added = {2007-05-14 14:24:05 -0500},
	Date-Modified = {2007-05-14 14:24:07 -0500},
	Pages = {481-489},
	Title = {An Algebraic Definition of Simulation Between Programs.},
	Year = {1971}}

@proceedings{DBLP:conf/fmcad/1998,
	Bibsource = {DBLP, http://dblp.uni-trier.de},
	Booktitle = {FMCAD},
	Date-Added = {2007-05-14 14:24:05 -0500},
	Date-Modified = {2007-05-14 14:24:07 -0500},
	Editor = {Ganesh Gopalakrishnan and Phillip J. Windley},
	Isbn = {3-540-65191-8},
	Publisher = {Springer},
	Series = {Lecture Notes in Computer Science},
	Title = {Formal Methods in Computer-Aided Design, Second International Conference, FMCAD '98, Palo Alto, California, USA, November 4-6, 1998, Proceedings},
	Volume = {1522},
	Year = {1998}}

@incollection{DBLP:books/eh/campbell84/Emden84,
	Author = {Maarten H. van Emden},
	Bibsource = {DBLP, http://dblp.uni-trier.de},
	Booktitle = {Implementations of Prolog},
	Date-Added = {2007-05-14 14:24:05 -0500},
	Date-Modified = {2007-05-14 14:24:07 -0500},
	Pages = {93-110},
	Title = {An Interpreting Algorithm for Prolog Programs.},
	Year = {1984}}

@inproceedings{DBLP:conf/aaai/Bonzon97,
	Author = {Pierre E. Bonzon},
	Bibsource = {DBLP, http://dblp.uni-trier.de},
	Booktitle = {AAAI/IAAI},
	Date-Added = {2007-05-14 14:24:05 -0500},
	Date-Modified = {2007-05-14 14:24:07 -0500},
	Pages = {398-403},
	Title = {A Reflective Proof System for Reasoning in Contexts.},
	Year = {1997}}

@article{Tyson2003CurrOp,
	Author = {John H. Tyson and Katherine C Chen and Bela Novak},
	Date-Added = {2007-05-14 14:24:05 -0500},
	Date-Modified = {2007-05-14 14:24:07 -0500},
	Ee = {http://dx.doi.org/10.1016/S0955-0674(03)00017-6},
	Journal = {Current Opinion in Cell Biology},
	Pages = {221-231},
	Title = {Sniffers, buzzers, toggles and blinkers: dynamics of regulatory and signaling pathways in the cell},
	Volume = {15},
	Year = {2003}}

@article{Milo2002NetMotif,
	Author = {R. Milo and S. Shen-Orr and S. Itzkovitz and N. Kashtan and D. Chklovskii and U Alon},
	Date-Added = {2007-05-14 14:24:05 -0500},
	Date-Modified = {2007-05-14 14:24:07 -0500},
	Ee = {http://dx.doi.org/10.1126/science.298.5594.824},
	Journal = {Science's STKE},
	Title = {Network Motifs: Simple Building Blocks of Complex Networks},
	Volume = {298},
	Year = {2002}}

@book{Godel1962,
	Author = {Kurt Goedel},
	Date = {1962},
	Date-Added = {2007-05-14 14:24:05 -0500},
	Date-Modified = {2007-05-14 14:24:07 -0500},
	Publisher = {Dover},
	Title = {On Formally Undecidable Propositions of Principia Mathematica and Related Systems}}

@inproceedings{Turing36ComputableNum,
	Author = {Alan M Turing},
	Booktitle = {Proc. Lond. Math. Soc.},
	Date-Added = {2007-05-14 14:24:05 -0500},
	Date-Modified = {2007-05-14 14:24:07 -0500},
	Pages = {230-265},
	Title = {On computable numbers with an application to the entscheidungsproblem},
	Year = {1936}}

@article{DBLP:journals/tcs/Yoshida02,
	Author = {Nobuko Yoshida},
	Bibsource = {DBLP, http://dblp.uni-trier.de},
	Date-Added = {2007-05-14 14:24:05 -0500},
	Date-Modified = {2007-05-14 14:24:07 -0500},
	Ee = {http://dx.doi.org/10.1016/S0304-3975(00)00310-8},
	Journal = {Theor. Comput. Sci.},
	Number = {1-2},
	Pages = {231-276},
	Title = {Minimality and separation results on asynchronous mobile processes - representability theorems by concurrent combinators.},
	Volume = {274},
	Year = {2002}}

@article{Chomsky65FormalGrammar,
	Author = {Noam Chomsky},
	Date-Added = {2007-05-14 14:24:05 -0500},
	Date-Modified = {2007-05-14 14:24:07 -0500},
	Journal = {Information and Control},
	Pages = {91-112},
	Title = {On certain properties of formal grammars},
	Volume = {1},
	Year = {1959}}

@inproceedings{DBLP:conf/concur/GoubaultJ92,
	Author = {Eric Goubault and Thomas P. Jensen},
	Bibsource = {DBLP, http://dblp.uni-trier.de},
	Booktitle = {CONCUR},
	Crossref = {DBLP:conf/concur/1992},
	Date-Added = {2007-05-14 14:24:05 -0500},
	Date-Modified = {2007-05-14 14:24:07 -0500},
	Pages = {254-268},
	Title = {Homology of Higher Dimensional Automata.},
	Year = {1992}}

@proceedings{DBLP:conf/concur/1992,
	Bibsource = {DBLP, http://dblp.uni-trier.de},
	Booktitle = {CONCUR},
	Date-Added = {2007-05-14 14:24:05 -0500},
	Date-Modified = {2007-05-14 14:24:07 -0500},
	Editor = {Rance Cleaveland},
	Isbn = {3-540-55822-5},
	Publisher = {Springer},
	Series = {Lecture Notes in Computer Science},
	Title = {CONCUR '92, Third International Conference on Concurrency Theory, Stony Brook, NY, USA, August 24-27, 1992, Proceedings},
	Volume = {630},
	Year = {1992}}

@inproceedings{DBLP:conf/concur/FajstrupGR98,
	Author = {Lisbeth Fajstrup and Eric Goubault and Martin Rau{\ss}en},
	Bibsource = {DBLP, http://dblp.uni-trier.de},
	Booktitle = {CONCUR},
	Crossref = {DBLP:conf/concur/1998},
	Date-Added = {2007-05-14 14:24:05 -0500},
	Date-Modified = {2007-05-14 14:24:07 -0500},
	Ee = {http://link.springer.de/link/service/series/0558/bibs/1466/14660332.htm},
	Pages = {332-347},
	Title = {Detecting Deadlocks in Concurrent Systems.},
	Year = {1998}}

@proceedings{DBLP:conf/concur/1998,
	Bibsource = {DBLP, http://dblp.uni-trier.de},
	Booktitle = {CONCUR},
	Date-Added = {2007-05-14 14:24:05 -0500},
	Date-Modified = {2007-05-14 14:24:07 -0500},
	Editor = {Davide Sangiorgi and Robert de Simone},
	Isbn = {3-540-64896-8},
	Publisher = {Springer},
	Series = {Lecture Notes in Computer Science},
	Title = {CONCUR '98: Concurrency Theory, 9th International Conference, Nice, France, September 8-11, 1998, Proceedings},
	Volume = {1466},
	Year = {1998}}

@inproceedings{DBLP:conf/concur/Glabbeek99,
	Author = {Rob J. van Glabbeek},
	Bibsource = {DBLP, http://dblp.uni-trier.de},
	Booktitle = {CONCUR},
	Crossref = {DBLP:conf/concur/1999},
	Date-Added = {2007-05-14 14:24:05 -0500},
	Date-Modified = {2007-05-14 14:24:07 -0500},
	Ee = {http://link.springer.de/link/service/series/0558/bibs/1664/16640021.htm},
	Pages = {21-27},
	Title = {Petri Nets, Configuration Structures and Higher Dimensional Automata.},
	Year = {1999}}

@proceedings{DBLP:conf/concur/1999,
	Bibsource = {DBLP, http://dblp.uni-trier.de},
	Booktitle = {CONCUR},
	Date-Added = {2007-05-14 14:24:05 -0500},
	Date-Modified = {2007-05-14 14:24:07 -0500},
	Editor = {Jos C. M. Baeten and Sjouke Mauw},
	Isbn = {3-540-66425-4},
	Publisher = {Springer},
	Series = {Lecture Notes in Computer Science},
	Title = {CONCUR '99: Concurrency Theory, 10th International Conference, Eindhoven, The Netherlands, August 24-27, 1999, Proceedings},
	Volume = {1664},
	Year = {1999}}

@article{DBLP:journals/entcs/HerlihyRT02,
	Author = {Maurice Herlihy and Sergio Rajsbaum and Mark R. Tuttle},
	Bibsource = {DBLP, http://dblp.uni-trier.de},
	Date-Added = {2007-05-14 14:24:05 -0500},
	Date-Modified = {2007-05-14 14:24:07 -0500},
	Ee = {http://www.elsevier.com/gej-ng/31/29/23/66/27/show/Products/notes/index.htt\#003},
	Journal = {Electr. Notes Theor. Comput. Sci.},
	Number = {2},
	Title = {An Overview of Synchronous Message-Passing and Topology.},
	Volume = {39},
	Year = {2001}}

@inproceedings{DBLP:conf/lics/Sangiorgi04,
	Author = {Davide Sangiorgi},
	Bibsource = {DBLP, http://dblp.uni-trier.de},
	Booktitle = {LICS},
	Crossref = {DBLP:conf/lics/2004},
	Date-Added = {2007-05-14 14:24:05 -0500},
	Date-Modified = {2007-05-14 14:24:07 -0500},
	Ee = {http://csdl.computer.org/comp/proceedings/lics/2004/2192/00/21920298abs.htm},
	Pages = {298-302},
	Title = {Bisimulation: From The Origins to Today.},
	Year = {2004}}

@proceedings{DBLP:conf/lics/2004,
	Bibsource = {DBLP, http://dblp.uni-trier.de},
	Booktitle = {LICS},
	Date-Added = {2007-05-14 14:24:05 -0500},
	Date-Modified = {2007-05-14 14:24:07 -0500},
	Isbn = {0-7695-2192-4},
	Publisher = {IEEE Computer Society},
	Title = {19th IEEE Symposium on Logic in Computer Science (LICS 2004), 14-17 July 2004, Turku, Finland, Proceedings},
	Year = {2004}}

@phdthesis{SchareinPhD,
	Author = {Robert G. Scharein},
	Date-Added = {2007-05-14 14:24:05 -0500},
	Date-Modified = {2007-05-14 14:24:07 -0500},
	School = {Department of Computer Science, The University of British Columbia},
	Title = {Interactive Topological Drawing},
	Year = 1998}

@article{Rankin2004EnumeratingLinks,
	Author = {Rankin, Stuart and Flint, Ortho},
	Date-Added = {2006-11-19 00:02:46 -0600},
	Date-Modified = {2006-11-19 00:03:10 -0600},
	Fjournal = {Journal of Knot Theory and its Ramifications},
	Issn = {0218-2165},
	Journal = {J. Knot Theory Ramifications},
	Mrclass = {57M25 (57M15)},
	Mrnumber = {MR2039120 (2004m:57018)},
	Mrreviewer = {Marko Kranjc},
	Number = {1},
	Pages = {151--173},
	Title = {Enumerating the prime alternating links},
	Volume = {13},
	Year = {2004}}

@article{KnotsTo16,
	Author = {Hoste, Jim and Thistlethwaite, Morwen and Weeks, Jeff},
	Coden = {MAINDC},
	Date-Added = {2006-11-17 20:20:00 -0600},
	Date-Modified = {2006-11-17 20:20:25 -0600},
	Fjournal = {The Mathematical Intelligencer},
	Issn = {0343-6993},
	Journal = {Math. Intelligencer},
	Mrclass = {57M25},
	Mrnumber = {MR1646740 (99i:57015)},
	Mrreviewer = {C. Kearton},
	Number = {4},
	Pages = {33--48},
	Title = {The first 1,701,936 knots},
	Volume = {20},
	Year = {1998}}

@article{Listing1848Vorstudien-zur-,
	Annote = {Separately published: Vandenhoeck und Ruprecht, G{\"o}ttingen, 1848.},
	Author = {J.B. Listing},
	Date-Added = {2006-11-16 11:57:29 -0600},
	Date-Modified = {2006-11-16 12:02:42 -0600},
	Journal = {G{\"o}ttingen Studien},
	Pages = {811-875},
	Title = {Vorstudien zur Topologie},
	Volume = {2},
	Year = {1848}}

@misc{milner92techniques,
	Author = {R. Milner and D. Sangiorgi},
	Date-Added = {2006-11-15 21:34:32 -0600},
	Date-Modified = {2006-11-15 21:34:32 -0600},
	Text = {R. Milner and D. Sangiorgi. Techniques of weak bisimulation up-to. In Proc. of CONCUR '92. Springer-Verlag, 1992. LNCS 630.},
	Title = {Techniques of weak bisimulation up-to},
	Url = {citeseer.ist.psu.edu/346460.html},
	Year = {1992}}

@misc{gardner-modelling,
	Author = {Philippa Gardner and Sergio Maffeis},
	Date-Added = {2006-11-07 14:33:38 -0800},
	Date-Modified = {2006-11-07 14:33:38 -0800},
	Title = {Modelling Dynamic Web Data},
	Url = {citeseer.ist.psu.edu/article/gardner03modelling.html}}

@inproceedings{Abramsky2005Algorithmic-Gam,
	Author = {Samson Abramsky},
	Bibsource = {DBLP, http://dblp.uni-trier.de},
	Booktitle = {SAS},
	Crossref = {DBLP:conf/sas/2005},
	Date-Added = {2006-11-07 12:13:53 -0800},
	Date-Modified = {2006-11-07 12:14:28 -0800},
	Ee = {http://dx.doi.org/10.1007/11547662_1},
	Pages = {1},
	Title = {Algorithmic Game Semantics and Static Analysis.},
	Year = {2005}}

@inproceedings{WojciechowskiS99,
	Author = {Pawel T. Wojciechowski and Peter Sewell},
	Bibsource = {DBLP, http://dblp.uni-trier.de},
	Booktitle = {ASA/MA},
	Crossref = {DBLP:conf/ma/1999},
	Date-Added = {2006-11-07 12:06:27 -0800},
	Date-Modified = {2006-11-07 12:06:36 -0800},
	Ee = {http://doi.ieeecomputersociety.org/10.1109/ASAMA.1999.805388},
	Pages = {2-12},
	Title = {Nomadic Pict: Language and Infrastructure Design for Mobile Agents.},
	Year = {1999}}

@inproceedings{JoCaml,
	Author = {C{\'e}dric Fournet and Fabrice Le Fessant and Luc Maranget and Alan Schmitt},
	Bibsource = {DBLP, http://dblp.uni-trier.de},
	Booktitle = {Advanced Functional Programming},
	Crossref = {DBLP:conf/afp/2002},
	Date-Added = {2006-11-07 12:02:18 -0800},
	Date-Modified = {2006-11-07 12:02:32 -0800},
	Ee = {http://springerlink.metapress.com/openurl.asp?genre=article{\&}issn=0302-9743{\&}volume=2638{\&}spage=129},
	Pages = {129-158},
	Title = {JoCaml: A Language for Concurrent Distributed and Mobile Programming.},
	Year = {2002}}

@inproceedings{LaneveZ05,
	Author = {Cosimo Laneve and Gianluigi Zavattaro},
	Bibsource = {DBLP, http://dblp.uni-trier.de},
	Booktitle = {FoSSaCS},
	Crossref = {DBLP:conf/fossacs/2005},
	Date-Added = {2006-11-07 11:58:10 -0800},
	Date-Modified = {2006-11-07 11:58:10 -0800},
	Ee = {http://springerlink.metapress.com/openurl.asp?genre=article{\&}issn=0302-9743{\&}volume=3441{\&}spage=282},
	Pages = {282-298},
	Title = {Foundations of Web Transactions.},
	Year = {2005}}

@inproceedings{BrownLM05,
	Author = {Allen L. Brown Jr. and Cosimo Laneve and L. Gregory Meredith},
	Bibsource = {DBLP, http://dblp.uni-trier.de},
	Booktitle = {EPEW/WS-FM},
	Crossref = {DBLP:conf/epew/2005},
	Date-Added = {2006-11-07 11:56:18 -0800},
	Date-Modified = {2006-11-07 11:56:28 -0800},
	Ee = {http://dx.doi.org/10.1007/11549970_3},
	Pages = {18-34},
	Title = {PiDuce: A Process Calculus with Native XML Datatypes.},
	Year = {2005}}

@proceedings{DBLP:conf/epew/2005,
	Bibsource = {DBLP, http://dblp.uni-trier.de},
	Booktitle = {EPEW/WS-FM},
	Date-Added = {2006-11-07 11:55:26 -0800},
	Date-Modified = {2006-11-07 11:55:57 -0800},
	Editor = {Mario Bravetti and Le\"{\i}la Kloul and Gianluigi Zavattaro},
	Isbn = {3-540-28701-9},
	Publisher = {Springer},
	Series = {Lecture Notes in Computer Science},
	Title = {Formal Techniques for Computer Systems and Business Processes, European Performance Engineering Workshop, EPEW 2005 and International Workshop on Web Services and Formal Methods, WS-FM 2005, Versailles, France, September 1-3, 2005, Proceedings},
	Volume = {3670},
	Year = {2005}}

@incollection{Fokkink,
	Address = {Berlin},
	Author = {Fokkink, Wan and van Glabbeek, Rob and de Wind, Paulien},
	Booktitle = {Fundamentals of computation theory},
	Date-Added = {2006-11-07 11:44:20 -0800},
	Date-Modified = {2006-11-07 11:44:32 -0800},
	Mrclass = {68Q60 (68Q55)},
	Mrnumber = {MR2071572},
	Pages = {412--422},
	Publisher = {Springer},
	Series = {Lecture Notes in Comput. Sci.},
	Title = {Compositionality of {H}ennessy-{M}ilner logic through structural operational semantics},
	Volume = {2751},
	Year = {2003}}

@article{ParrowWalker,
	Author = {Milner, Robin and Parrow, Joachim and Walker, David},
	Date-Added = {2006-11-07 11:33:44 -0800},
	Date-Modified = {2006-11-07 11:33:44 -0800},
	Fjournal = {Information and Computation},
	Issn = {0890-5401},
	Journal = {Inform. and Comput.},
	Mrclass = {68Q65 (68Q55)},
	Mrnumber = {MR1175976 (94a:68090)},
	Mrreviewer = {Andrea Maggiolo-Schettini},
	Number = {1},
	Pages = {1--40, 41--77},
	Title = {A calculus of mobile processes. {I}, {II}},
	Volume = {100},
	Year = {1992}}

@incollection{CSP3,
	Address = {Berlin},
	Author = {Hoare, C. A. R.},
	Booktitle = {Control flow and data flow: concepts of distributed programming (Marktoberdorf, 1984)},
	Date-Added = {2006-11-07 11:30:36 -0800},
	Date-Modified = {2006-11-07 11:31:51 -0800},
	Mrclass = {68Q10 (68Q55)},
	Mrnumber = {MR813088 (87e:68025)},
	Mrreviewer = {Ryszard Janicki},
	Pages = {123--204},
	Publisher = {Springer},
	Series = {NATO Adv. Sci. Inst. Ser. F Comput. Systems Sci.},
	Title = {Notes on communicating sequential systems},
	Volume = {14},
	Year = {1985}}

@book{CSP,
	Address = {Englewood Cliffs, NJ},
	Author = {Hoare, C. A. R.},
	Date-Added = {2006-11-07 11:30:36 -0800},
	Date-Modified = {2006-11-07 11:31:41 -0800},
	Isbn = {0-13-153271-5},
	Mrclass = {68-02 (68Q05 68Q10)},
	Mrnumber = {MR805324 (89b:68003)},
	Mrreviewer = {Ryszard Janicki},
	Note = {With a foreword by Edsger W. Dijkstra},
	Pages = {256},
	Publisher = {Prentice Hall International},
	Series = {Prentice Hall International Series in Computer Science},
	Title = {Communicating sequential processes},
	Year = {1985}}

@incollection{CSP2,
	Address = {Berlin},
	Author = {Hoare, C. A. R.},
	Booktitle = {Logic of programming and calculi of discrete design (Marktoberdorf, 1986)},
	Date-Added = {2006-11-07 11:30:36 -0800},
	Date-Modified = {2006-11-07 11:31:30 -0800},
	Mrclass = {68Q10 (03B70)},
	Mrnumber = {MR922515 (89c:68030)},
	Mrreviewer = {T. M{\"u}ldner},
	Pages = {277--300},
	Publisher = {Springer},
	Series = {NATO Adv. Sci. Inst. Ser. F Comput. Systems Sci.},
	Title = {Algebraic specifications and proofs for communicating sequential processes},
	Volume = {36},
	Year = {1987}}

@article{CSP1,
	Author = {Brookes, S. D. and Hoare, C. A. R. and Roscoe, A. W.},
	Coden = {JACOAH},
	Date-Added = {2006-11-07 11:30:36 -0800},
	Date-Modified = {2006-11-07 11:31:20 -0800},
	Fjournal = {Journal of the Association for Computing Machinery},
	Issn = {0004-5411},
	Journal = {J. Assoc. Comput. Mach.},
	Mrclass = {68Q10},
	Mrnumber = {MR819158},
	Number = {3},
	Pages = {560--599},
	Title = {A theory of communicating sequential processes},
	Volume = {31},
	Year = {1984}}

@article{ReidemeisterMoves,
	Author = {Reidemeister, Kurt},
	Coden = {MAZEAX},
	Date-Added = {2006-11-07 10:57:42 -0800},
	Date-Modified = {2006-11-07 10:58:01 -0800},
	Fjournal = {Mathematische Zeitschrift},
	Issn = {0025-5874},
	Journal = {Math. Z.},
	Mrclass = {Contributed Item},
	Mrnumber = {MR1545033},
	Number = {1},
	Pages = {713--729},
	Title = {Knoten und {V}erkettungen},
	Volume = {29},
	Year = {1929}}

@unpublished{KnotsAsProcesses,
	Author = {L. G. Meredith, D. F. Snyder},
	Date-Added = {2006-11-07 10:38:07 -0800},
	Date-Modified = {2006-11-07 10:46:14 -0800},
	Month = {November},
	Note = {Pre-print},
	Title = {Knots as processes},
	Url = {http://www.txstate.edu/~ds08},
	Year = {2006}}

@article{RationalKnotsClassified,
	Author = {Kauffman, Louis H. and Lambropoulou, Sofia},
	Coden = {ENMAAR},
	Date-Added = {2006-11-07 10:24:21 -0800},
	Date-Modified = {2006-11-07 10:25:47 -0800},
	Fjournal = {L'Enseignement Math\'ematique. Revue Internationale. IIe S\'erie},
	Issn = {0013-8584},
	Journal = {Enseign. Math. (2)},
	Mrclass = {57M25},
	Mrnumber = {MR2028021 (2004j:57007)},
	Number = {3-4},
	Pages = {357--410},
	Title = {On the classification of rational knots},
	Volume = {49},
	Year = {2003}}

@book{DNA1,
	Date-Added = {2006-11-07 10:24:11 -0800},
	Date-Modified = {2006-11-07 10:25:03 -0800},
	Editor = {Calvo, Jorge A. and Millett, Kenneth C. and Rawdon, Eric J. and Stasiak, Andrzej},
	Isbn = {981-256-187-0},
	Mrclass = {00B25 (57M25 81-06 92B05)},
	Mrnumber = {MR2184992 (2006h:00009)},
	Note = {Including applications to the life sciences},
	Pages = {xx+606},
	Publisher = {World Scientific Publishing Co. Pte. Ltd., Singapore},
	Series = {Series on Knots and Everything},
	Title = {Physical and numerical models in knot theory},
	Volume = {36},
	Year = {2005}}

@incollection{Quantum1,
	Address = {Berlin},
	Author = {Freivalds, R{\=u}si{\c{n}}{\v{s}}},
	Booktitle = {Mathematical foundations of computer science 2005},
	Date-Added = {2006-11-07 10:22:52 -0800},
	Date-Modified = {2006-11-07 10:26:30 -0800},
	Mrclass = {81P68 (57M25 57M27 68Q05)},
	Mrnumber = {MR2237141},
	Pages = {15--25},
	Publisher = {Springer},
	Series = {Lecture Notes in Comput. Sci.},
	Title = {Knot theory, {J}ones polynomial and quantum computing},
	Volume = {3618},
	Year = {2005}}

@article{Quantum2,
	Author = {Liko, Tom{\'a}{\v{s}} and Kauffman, Louis H.},
	Coden = {CQGRDG},
	Date-Added = {2006-11-07 10:22:43 -0800},
	Date-Modified = {2006-11-07 10:26:30 -0800},
	Fjournal = {Classical and Quantum Gravity},
	Issn = {0264-9381},
	Journal = {Classical Quantum Gravity},
	Mrclass = {83C45 (57M27 81V17)},
	Mrnumber = {MR2205471},
	Number = {4},
	Pages = {R63--R90},
	Title = {Knot theory and a physical state of quantum gravity},
	Volume = {23},
	Year = {2006}}

@url{RationalKnotsTable,
	Author = {H. Gruber},
	Date-Added = {2006-11-01 02:25:09 -0600},
	Date-Modified = {2006-11-07 13:17:28 -0800},
	Title = {http://home.in.tum.de/~gruberh/},
	Url = {http://home.in.tum.de/~gruberh/},
	Urldate = {unknown}}

@url{KnotInvariants,
	Author = {Livingston, Charles},
	Date-Added = {2006-11-01 02:18:39 -0600},
	Date-Modified = {2006-11-07 13:16:58 -0800},
	Title = {http://www.indiana.edu/~knotinfo/},
	Url = {http://www.indiana.edu/~knotinfo/}}

@electronic{KnotAtlas,
	Author = {Dror Bar-Natan},
	Date-Added = {2006-10-20 15:37:51 -0500},
	Date-Modified = {2006-10-20 15:38:53 -0500},
	Title = {The Knot Atlas},
	Url = {http://www.math.toronto.edu/~drorbn/KAtlas/}}

@electronic{KnotTheory,
	Author = {Dror Bar-Natan},
	Date-Added = {2006-10-20 15:36:43 -0500},
	Date-Modified = {2006-10-20 15:37:49 -0500},
	Title = {Knot-Theory, the Mathematica package},
	Url = {http://www.math.toronto.edu/~drorbn/KAtlas/Manual/KnotTheoryManual.html}}

@electronic{Knotilus,
	Author = {Rankin, Stuart and Flint, Ortho and Furmaniak, Ralph and Fontaine, Bruce},
	Date-Added = {2006-10-20 13:09:41 -0500},
	Date-Modified = {2006-10-20 15:31:46 -0500},
	Keywords = {Knot Server},
	Title = {Knotilus},
	Urldate = {http://srankin.math.uwo.ca/index.php}}

@article{Imafuji2002Computer-aided-,
	Author = {Imafuji, Noriko and Ochiai, Mitsuyuki},
	Date-Added = {2006-10-20 12:49:53 -0500},
	Date-Modified = {2006-11-07 11:25:26 -0800},
	Fjournal = {Journal of Knot Theory and its Ramifications},
	Issn = {0218-2165},
	Journal = {J. Knot Theory Ramifications},
	Mrclass = {57M25 (57-04 68W30)},
	Mrnumber = {MR1936244 (2003m:57014)},
	Note = {Knots 2000 Korea, Vol. 3 (Yongpyong)},
	Number = {6},
	Pages = {945--954},
	Title = {Computer aided knot theory using {M}athematica and {M}ath{L}ink},
	Volume = {11},
	Year = {2002}}

@electronic{LinKnot,
	Author = {S. Jablan, R. Sazdanovic},
	Date-Added = {2006-10-20 12:22:42 -0500},
	Date-Modified = {2006-10-20 12:25:39 -0500},
	Title = {LinKnot},
	Url = {http://math.ict.edu.yu:8080/webMathematica/LinkSL/}}

@electronic{KnotPlot,
	Author = {R. Scharein},
	Date-Added = {2006-10-20 12:19:10 -0500},
	Date-Modified = {2006-11-07 13:19:34 -0800},
	Lastchecked = {October 2006},
	Title = {http://www.pims.math.ca/knotplot/},
	Url = {http://www.pims.math.ca/knotplot/},
	Urldate = {May 2006}}

@webpage{KnotServer,
	Date-Added = {2006-10-20 12:16:08 -0500},
	Date-Modified = {2006-11-07 13:36:24 -0800},
	Keywords = {Knot Server, knot data},
	Url = {http://www.colab.sfu.ca/KnotPlot/KnotServer/}}

@article{Calvo1997Knot-enumeratio,
	Author = {Calvo, Jorge Alberto},
	Date-Added = {2006-10-15 23:45:13 -0500},
	Date-Modified = {2006-10-15 23:45:26 -0500},
	Fjournal = {Journal of Knot Theory and its Ramifications},
	Issn = {0218-2165},
	Journal = {J. Knot Theory Ramifications},
	Mrclass = {57M25},
	Mrnumber = {MR1483786 (98k:57009)},
	Mrreviewer = {Swatee Naik},
	Number = {6},
	Pages = {785--798},
	Title = {Knot enumeration through flypes and twisted splices},
	Volume = {6},
	Year = {1997}}

@phdthesis{Bangert2002Algorithmic-Pro,
	Author = {P. D. Bangert},
	Date-Added = {2006-10-15 20:07:34 -0500},
	Date-Modified = {2006-10-15 20:09:12 -0500},
	School = {University College London},
	Title = {Algorithmic Problems in the Braid Groups},
	Year = {2002}}

@unpublished{Caudron1981-Classification,
	Author = {A. Caudron},
	Date-Added = {2006-10-15 20:00:52 -0500},
	Date-Modified = {2006-10-15 20:02:53 -0500},
	Note = {Prepublication Math. d'Orsay, Orsay, France: Universite Paris-Sud},
	Title = {Classification des noeuds et des enlacements},
	Year = {1981}}

@article{Read1977On-the-Gauss-cr,
	Author = {R. C. Read and P. Rosenstiehl},
	Date-Added = {2006-10-15 16:20:54 -0500},
	Date-Modified = {2006-10-15 16:24:51 -0500},
	Journal = {Proc. Fifth Hungarian Comb. Colloq.},
	Title = {On the Gauss crossing problem},
	Year = {1977}}

@article{Kirkman1885The-enumeration,
	Author = {T. P. Kirkman},
	Date-Added = {2006-10-15 16:17:43 -0500},
	Date-Modified = {2006-10-15 16:19:11 -0500},
	Journal = {Trans. Roy. Soc. Edin.},
	Pages = {281-309},
	Title = {The enumeration, description, and construction of knots of fewer than ten crossings},
	Volume = {32},
	Year = {1885}}

@article{MR0171275,
	Author = {Murasugi, Kunio},
	Date-Added = {2006-10-15 16:15:51 -0500},
	Date-Modified = {2006-10-15 16:15:51 -0500},
	Fjournal = {Transactions of the American Mathematical Society},
	Issn = {0002-9947},
	Journal = {Trans. Amer. Math. Soc.},
	Mrclass = {55.20},
	Mrnumber = {MR0171275 (30 \#1506)},
	Mrreviewer = {R. H. Fox},
	Pages = {387--422},
	Title = {On a certain numerical invariant of link types},
	Volume = {117},
	Year = {1965}}

@book{MR0345089,
	Address = {Berlin},
	Author = {Reidemeister, K.},
	Date-Added = {2006-10-15 16:13:57 -0500},
	Date-Modified = {2006-10-15 16:13:57 -0500},
	Mrclass = {55-02 (55A25)},
	Mrnumber = {MR0345089 (49 \#9828)},
	Note = {Reprint},
	Pages = {vi+74},
	Publisher = {Springer-Verlag},
	Title = {Knotentheorie},
	Year = {1974}}

@book{MR717222,
	Address = {Moscow, Idaho},
	Author = {Reidemeister, K.},
	Date-Added = {2006-10-15 16:13:48 -0500},
	Date-Modified = {2006-10-15 16:13:48 -0500},
	Isbn = {0-914351-00-1},
	Mrclass = {57M25 (57-03)},
	Mrnumber = {MR717222 (84j:57005)},
	Note = {Translated from the German by Leo F. Boron, Charles O. Christenson and Bryan A. Smith},
	Pages = {xv+143},
	Publisher = {BCS Associates},
	Title = {Knot theory},
	Year = {1983}}

@article{MR1502807,
	Author = {Alexander, J. W. and Briggs, G. B.},
	Coden = {ANMAAH},
	Date-Added = {2006-10-15 16:12:39 -0500},
	Date-Modified = {2006-10-15 16:12:39 -0500},
	Fjournal = {Annals of Mathematics. Second Series},
	Issn = {0003-486X},
	Journal = {Ann. of Math. (2)},
	Mrclass = {Database Expansion Item},
	Mrnumber = {MR1502807},
	Number = {1-4},
	Pages = {562--586},
	Title = {On types of knotted curves},
	Volume = {28},
	Year = {1926/27}}

@article{Little1900Non-alternate-p,
	Author = {C. N. Little},
	Date-Added = {2006-10-15 16:09:13 -0500},
	Date-Modified = {2006-10-15 16:10:20 -0500},
	Journal = {Trans. Roy. Soc. Edin.},
	Pages = {771-778},
	Title = {Non-alternate $\pm$ knots},
	Volume = {39},
	Year = {1900}}

@article{Little1890Alternate-pm-kn,
	Author = {C. N. Little},
	Date-Added = {2006-10-15 16:06:53 -0500},
	Date-Modified = {2006-10-15 16:09:07 -0500},
	Journal = {Trans. Roy. Soc. Edin.},
	Pages = {253-255},
	Title = {Alternate $\pm$ knots of order 11},
	Volume = {36},
	Year = {1890}}

@article{Little1885On-knots-with-a,
	Author = {C. N. Little},
	Date-Added = {2006-10-15 16:04:05 -0500},
	Date-Modified = {2006-10-15 16:06:35 -0500},
	Journal = {Trans. Conn. Acad. Sci.},
	Pages = {374-378},
	Title = {On knots, with a census to order 10},
	Volume = {18},
	Year = {1885}}

@incollection{Hoste2005The-enumeration,
	Author = {Hoste, Jim},
	Booktitle = {Handbook of knot theory},
	Date-Added = {2006-10-07 23:31:26 -0500},
	Date-Modified = {2006-10-15 23:59:32 -0500},
	Mrclass = {57M25},
	Mrnumber = {MR2179263 (2006k:57012)},
	Mrreviewer = {Wilbur Whitten},
	Pages = {209--232},
	Publisher = {Elsevier B. V., Amsterdam},
	Title = {The enumeration and classification of knots and links},
	Year = {2005}}

@incollection{Tait,
	Address = {Cambridge},
	Author = {P.G. Tait},
	Booktitle = {Scientific Papers},
	Date-Added = {2006-10-06 21:28:15 -0500},
	Date-Modified = {2006-10-06 21:33:27 -0500},
	Keywords = {tait, knot enumeration},
	Pages = {273--347},
	Publisher = {Cambridge University Press},
	Title = {On knots, I, II, III},
	Volume = {1},
	Year = {1898}}

@article{Rankin2004Enumerating-II,
	Author = {Rankin, Stuart and Flint, Ortho and Schermann, John},
	Date-Added = {2006-10-06 20:43:03 -0500},
	Date-Modified = {2006-10-15 23:55:37 -0500},
	Fjournal = {Journal of Knot Theory and its Ramifications},
	Issn = {0218-2165},
	Journal = {J. Knot Theory Ramifications},
	Keywords = {knot enumeration},
	Mrclass = {57M25 (57M15)},
	Mrnumber = {MR2039119 (2004m:57017)},
	Mrreviewer = {Marko Kranjc},
	Number = {1},
	Pages = {101--149},
	Title = {Enumerating the prime alternating knots. {II}},
	Volume = {13},
	Year = {2004}}

@article{Rankin2004Enumerating-I,
	Author = {Rankin, Stuart and Flint, Ortho and Schermann, John},
	Date-Added = {2006-10-06 20:43:03 -0500},
	Date-Modified = {2006-10-15 23:55:48 -0500},
	Fjournal = {Journal of Knot Theory and its Ramifications},
	Issn = {0218-2165},
	Journal = {J. Knot Theory Ramifications},
	Keywords = {knot enumeration},
	Mrclass = {57M25 (57M15)},
	Mrnumber = {MR2039118 (2004m:57016)},
	Mrreviewer = {Marko Kranjc},
	Number = {1},
	Pages = {57--100},
	Title = {Enumerating the prime alternating knots. {I}},
	Volume = {13},
	Year = {2004}}

@article{DT,
	Author = {Dowker, C. H. and Thistlethwaite, Morwen B.},
	Coden = {TIAPD9},
	Date-Added = {2006-10-06 20:43:03 -0500},
	Date-Modified = {2006-10-07 01:20:43 -0500},
	Fjournal = {Topology and its Applications},
	Issn = {0166-8641},
	Journal = {Topology Appl.},
	Mrclass = {57M25},
	Mrnumber = {MR702617 (85e:57003)},
	Number = {1},
	Pages = {19--31},
	Title = {Classification of knot projections},
	Volume = {16},
	Year = {1983}}

@incollection{Conway1970An-enumeration-,
	Address = {Oxford},
	Author = {Conway, J. H.},
	Booktitle = {Computational Problems in Abstract Algebra (Proc. Conf., Oxford, 1967)},
	Date-Added = {2006-10-06 20:43:03 -0500},
	Date-Modified = {2006-10-15 16:45:27 -0500},
	Editor = {J. Leech},
	Keywords = {knot enumeration, knotation},
	Mrclass = {55.20},
	Mrnumber = {MR0258014 (41 \#2661)},
	Mrreviewer = {H. E. Debrunner},
	Pages = {329--358},
	Publisher = {Pergamon},
	Title = {An enumeration of knots and links, and some of their algebraic properties},
	Url = {http://www.maths.ed.ac.uk/~aar/knots/conway.pdf},
	Year = {1970}}

@mastersthesis{keller,
	Annote = {Honors thesis},
	Author = {M.T. Keller},
	Date-Added = {2006-10-06 20:43:03 -0500},
	Date-Modified = {2006-10-06 20:43:03 -0500},
	Keywords = {history of knot theory, applications},
	Read = {No},
	School = {North Dakota State University},
	Title = {Knot Theory: History and Applications with a Connection to Graph Theory},
	Url = {http://www.math.gatech.edu/~keller/thesis-final.pdf},
	Year = {2004}}

@misc{gausscode,
	Annote = {This site contains one version of the Gauss code, it's extension, and also a brief description of the Dowker-Thistlethwaite code.},
	Author = {Livingston, Charles},
	Date-Added = {2006-10-06 20:43:03 -0500},
	Date-Modified = {2006-11-17 16:17:39 -0600},
	Howpublished = {http://www.indiana.edu/$\sim$knotinfo/descriptions/gauss\_notation.html},
	Keywords = {gauss code, dowker-thistlethwaite},
	Title = {The Gauss Code},
	Url = {http://www.indiana.edu/~knotinfo/descriptions/gauss\_notation.html}}

@article{rosette,
	Author = {Chris Tomlinson and Won Kim and Mark Scheevel and Vineet Singh and B. Will and Gul Agha},
	Date-Added = {2006-10-06 20:43:03 -0500},
	Date-Modified = {2006-10-06 20:43:03 -0500},
	Journal = {SIGPLAN Notices},
	Pages = {91-93},
	Title = {Rosette: An object-oriented concurrent systems architecture},
	Volume = {24(4)},
	Year = {1989}}

@unpublished{biztalk,
	Author = {\mbox{Microsoft} Corporation},
	Date-Added = {2006-10-06 20:43:03 -0500},
	Date-Modified = {2006-10-06 20:43:03 -0500},
	Note = {microsoft.com/biztalk/default.asp},
	Title = {Microsoft BizTalk Server}}

@unpublished{Fontana,
	Author = {Walter Fontana},
	Date-Added = {2006-10-06 20:43:03 -0500},
	Date-Modified = {2006-10-06 20:43:03 -0500},
	Title = {private conversation},
	Year = {2004}}

@inproceedings{AbadiB02,
	Author = {Mart\'{\i}n Abadi and Bruno Blanchet},
	Bibsource = {DBLP, http://dblp.uni-trier.de},
	Booktitle = {POPL},
	Date-Added = {2006-10-06 20:43:03 -0500},
	Date-Modified = {2006-11-07 11:49:51 -0800},
	Ee = {http://doi.acm.org/10.1145/503272.503277},
	Pages = {33-44},
	Title = {Analyzing security protocols with secrecy types and logic programs.},
	Year = {2002}}

@article{AbadiB03,
	Author = {Mart\'{\i}n Abadi and Bruno Blanchet},
	Bibsource = {DBLP, http://dblp.uni-trier.de},
	Date-Added = {2006-10-06 20:43:03 -0500},
	Date-Modified = {2006-11-07 11:50:25 -0800},
	Ee = {http://dx.doi.org/10.1016/S0304-3975(02)00863-0},
	Journal = {Theor. Comput. Sci.},
	Number = {298},
	Pages = {387-415},
	Title = {Secrecy types for asymmetric communication.},
	Volume = {3},
	Year = {2003}}

@inproceedings{Caires04,
	Author = {Lu\'{\i}s Caires},
	Bibsource = {DBLP, http://dblp.uni-trier.de},
	Booktitle = {FoSSaCS},
	Crossref = {DBLP:conf/fossacs/2004},
	Date-Added = {2006-10-06 20:43:03 -0500},
	Date-Modified = {2006-11-07 11:35:10 -0800},
	Ee = {http://springerlink.metapress.com/openurl.asp?genre=article{\&}issn=0302-9743{\&}volume=2987{\&}spage=72},
	Pages = {72-89},
	Title = {Behavioral and Spatial Observations in a Logic for the pi-Calculus.},
	Year = {2004}}

@article{CairesC04,
	Author = {Lu\'{\i}s Caires and Luca Cardelli},
	Bibsource = {DBLP, http://dblp.uni-trier.de},
	Date-Added = {2006-10-06 20:43:03 -0500},
	Date-Modified = {2006-11-07 11:35:26 -0800},
	Ee = {http://dx.doi.org/10.1016/j.tcs.2003.10.041},
	Journal = {Theor. Comput. Sci.},
	Number = {3},
	Pages = {517-565},
	Title = {A spatial logic for concurrency - II.},
	Volume = {322},
	Year = {2004}}

@article{CairesC03,
	Author = {Lu\'{\i}s Caires and Luca Cardelli},
	Bibsource = {DBLP, http://dblp.uni-trier.de},
	Date-Added = {2006-10-06 20:43:03 -0500},
	Date-Modified = {2006-11-07 11:35:19 -0800},
	Ee = {http://dx.doi.org/10.1016/S0890-5401(03)00137-8},
	Journal = {Inf. Comput.},
	Number = {2},
	Pages = {194-235},
	Title = {A spatial logic for concurrency (part I).},
	Volume = {186},
	Year = {2003}}

@book{Conway1976On-Numbers-and-,
	Author = {John Horton Conway},
	Date-Added = {2006-10-06 20:43:03 -0500},
	Date-Modified = {2006-10-15 16:45:41 -0500},
	Publisher = {Academic Press},
	Title = {{On Numbers and Games}},
	Year = {1976}}

@inproceedings{RegevS03,
	Author = {Amitai Regev and Ehud Y. Shapiro},
	Bibsource = {DBLP, http://dblp.uni-trier.de},
	Booktitle = {CMSB},
	Crossref = {DBLP:conf/cmsb/2003},
	Date-Added = {2006-10-06 20:43:03 -0500},
	Date-Modified = {2006-11-07 12:11:04 -0800},
	Ee = {http://link.springer.de/link/service/series/0558/bibs/2602/26020001.htm},
	Pages = {1-3},
	Title = {Cells as Computation.},
	Year = {2003}}

@inproceedings{DanosL03,
	Author = {Vincent Danos and Cosimo Laneve},
	Bibsource = {DBLP, http://dblp.uni-trier.de},
	Booktitle = {ESOP},
	Crossref = {DBLP:conf/esop/2003},
	Date-Added = {2006-10-06 20:43:03 -0500},
	Date-Modified = {2006-11-07 12:10:20 -0800},
	Ee = {http://link.springer.de/link/service/series/0558/bibs/2618/26180302.htm},
	Pages = {302-318},
	Title = {Core Formal Molecular Biology.},
	Year = {2003}}

@proceedings{DBLP:conf/cmsb/2004,
	Bibsource = {DBLP, http://dblp.uni-trier.de},
	Booktitle = {CMSB},
	Date-Added = {2006-10-06 20:43:03 -0500},
	Date-Modified = {2006-10-06 20:43:03 -0500},
	Editor = {Vincent Danos and Vincent Schachter},
	Isbn = {3-540-25375-0},
	Publisher = {Springer},
	Series = {Lecture Notes in Computer Science},
	Title = {Computational Methods in Systems Biology, International Conference CMSB 2004, Paris, France, May 26-28, 2004, Revised Selected Papers},
	Volume = {3082},
	Year = {2005}}

@article{PriamiRSS01,
	Author = {Corrado Priami and Aviv Regev and Ehud Y. Shapiro and William Silverman},
	Bibsource = {DBLP, http://dblp.uni-trier.de},
	Date-Added = {2006-10-06 20:43:03 -0500},
	Date-Modified = {2006-11-07 12:11:17 -0800},
	Ee = {http://dx.doi.org/10.1016/S0020-0190(01)00214-9},
	Journal = {Inf. Process. Lett.},
	Number = {1},
	Pages = {25-31},
	Title = {Application of a stochastic name-passing calculus to representation and simulation of molecular processes.},
	Volume = {80},
	Year = {2001}}

@book{BenacerrafPhilMathSelected,
	Author = {Paul Benacerraf and Hilary Putnam},
	Date = {1964},
	Date-Added = {2006-10-06 20:43:03 -0500},
	Date-Modified = {2006-10-06 20:43:03 -0500},
	Publisher = {Prentice-Hall},
	Title = {Philosophy of mathematics: Selected readings}}

@article{Milner93,
	Author = {Robin Milner},
	Bibsource = {DBLP, http://dblp.uni-trier.de},
	Date-Modified = {2006-11-07 11:42:18 -0800},
	Journal = {Commun. ACM},
	Number = {1},
	Pages = {78-89},
	Title = {Elements of Interaction - Turing Award Lecture.},
	Volume = {36},
	Year = {1993}}

@inproceedings{MilnerS92,
	Author = {Robin Milner and Davide Sangiorgi},
	Bibsource = {DBLP, http://dblp.uni-trier.de},
	Booktitle = {ICALP},
	Crossref = {DBLP:conf/icalp/1992},
	Date-Modified = {2006-11-07 11:45:51 -0800},
	Pages = {685-695},
	Title = {Barbed Bisimulation.},
	Year = {1992}}

@inproceedings{Sangiorgi95,
	Author = {Davide Sangiorgi},
	Bibsource = {DBLP, http://dblp.uni-trier.de},
	Booktitle = {MFCS},
	Crossref = {DBLP:conf/mfcs/1995},
	Date-Modified = {2006-11-07 11:47:33 -0800},
	Pages = {479-488},
	Title = {On the Proof Method for Bisimulation (Extended Abstract).},
	Year = {1995}}

@article{MeredithB03,
	Author = {Greg Meredith and Steve Bjorg},
	Bibsource = {DBLP, http://dblp.uni-trier.de},
	Date-Modified = {2006-11-07 12:08:13 -0800},
	Ee = {http://doi.acm.org/10.1145/944236},
	Journal = {Commun. ACM},
	Number = {10},
	Pages = {41-47},
	Title = {Contracts and types.},
	Volume = {46},
	Year = {2003}}

@article{MeredithR05,
	Author = {L. Gregory Meredith and Matthias Radestock},
	Bibsource = {DBLP, http://dblp.uni-trier.de},
	Date-Modified = {2006-11-07 11:36:53 -0800},
	Ee = {http://dx.doi.org/10.1016/j.entcs.2005.05.016},
	Journal = {Electr. Notes Theor. Comput. Sci.},
	Number = {5},
	Pages = {49-67},
	Title = {A Reflective Higher-order Calculus.},
	Volume = {141},
	Year = {2005}}

@article{FunctionsAsProcesses,
	Author = {Robin Milner},
	Journal = {MSCS},
	Number = {2},
	Pages = {119-141},
	Title = {Functions as processes},
	Volume = {2},
	Year = {1992}}

@book{Barendregt84,
	Author = {Hendrik Pieter Barendregt},
	Publisher = {North-Holland},
	Series = {Studies in Logic and the Foundations of Mathematics},
	Title = {{The Lambda Calculus -- Its Syntax and Semantics}},
	Topics = {FP - Lambda Calculi},
	Volume = {103},
	Year = {1984}}

@inproceedings{DBLP:conf/concur/HermidaP95,
	Author = {Claudio Hermida and John Power},
	Bibsource = {DBLP, http://dblp.uni-trier.de},
	Booktitle = {CONCUR},
	Crossref = {conf/concur/1995},
	Pages = {117-129},
	Title = {Fibrational Control Structures.},
	Year = {1995}}

@inproceedings{Cardelli04,
	Author = {Luca Cardelli},
	Bibsource = {DBLP, http://dblp.uni-trier.de},
	Booktitle = {CMSB},
	Crossref = {DBLP:conf/cmsb/2004},
	Date-Modified = {2006-11-07 12:09:30 -0800},
	Ee = {http://springerlink.metapress.com/openurl.asp?genre=article{\&}issn=0302-9743{\&}volume=3082{\&}spage=257},
	Pages = {257-278},
	Title = {Brane Calculi.},
	Year = {2004}}

@inproceedings{DBLP:conf/fmcad/TaharCL98,
	Author = {Sofi{\`e}ne Tahar and Paul Curzon and Jianping Lu},
	Bibsource = {DBLP, http://dblp.uni-trier.de},
	Booktitle = {FMCAD},
	Crossref = {DBLP:conf/fmcad/1998},
	Ee = {http://link.springer.de/link/service/series/0558/bibs/1522/15220433.htm},
	Pages = {433-450},
	Title = {Three Approaches to Hardware Verification: HOL, MDG and VIS Compared.},
	Year = {1998}}

@article{DBLP:journals/mscs/Goubault00a,
	Author = {Eric Goubault},
	Bibsource = {DBLP, http://dblp.uni-trier.de},
	Journal = {Mathematical Structures in Computer Science},
	Number = {4},
	Pages = {411-425},
	Title = {Geometry and concurrency: a user's guide.},
	Volume = {10},
	Year = {2000}}

@misc{kauffman-2005-VKNL,
	Author = {Louis Kauffman and Vassily Olegovich Manturov},
	Title = {Virtual Knots and Links},
	Url = {http://www.citebase.org/cgi-bin/citations?id=oai:arXiv.org:math/0502014},
	Year = {2005}}

@article{baez-2000-543,
	Author = {John C Baez},
	Journal = {LECT.NOTES PHYS.},
	Pages = {25},
	Title = {An Introduction to Spin Foam Models of Quantum Gravity and BF Theory},
	Url = {http://www.citebase.org/cgi-bin/citations?id=oai:arXiv.org:gr-qc/9905087},
	Volume = {543},
	Year = {2000}}

@techreport{W3C-XQ-5631451,
	Author = {J\'{e}r\^{o}me Sim\'{e}on and Denise Draper and Ashok Malhotra and Peter Fankhauser and Mary Fern\'{a}ndez and Michael Rys and Philip Wadler and Kristoffer Rose},
	Bibsource = {http://w2.syronex.com/jmr/w3c-biblio},
	Institution = {W3C},
	Month = jun,
	Note = {http://www.w3.org/TR/2006/CR-xquery-semantics-20060608/},
	Title = {{XQuery} 1.0 and {XPath} 2.0 Formal Semantics},
	Type = {Candidate Recommendation},
	Year = {2006}}

@techreport{Fallside:04:XSP,
	Author = {David C. Fallside and Priscilla Walmsley},
	Bibsource = {http://w2.syronex.com/jmr/w3c-biblio},
	Institution = {W3C},
	Month = oct,
	Note = {http://www.w3.org/TR/2004/REC-xmlschema-0-20041028/},
	Title = {{XML} Schema Part 0: Primer Second Edition},
	Type = {{W3C} Recommendation},
	Year = {2004}}

@techreport{Mendelsohn:04:XSP,
	Author = {Noah Mendelsohn and Henry S. Thompson and David Beech and Murray Maloney},
	Bibsource = {http://w2.syronex.com/jmr/w3c-biblio},
	Institution = {W3C},
	Month = oct,
	Note = {http://www.w3.org/TR/2004/REC-xmlschema-1-20041028/},
	Title = {{XML} Schema Part 1: Structures Second Edition},
	Type = {{W3C} Recommendation},
	Year = {2004}}

@techreport{Biron:04:XSP,
	Author = {Paul V. Biron and Ashok Malhotra},
	Bibsource = {http://w2.syronex.com/jmr/w3c-biblio},
	Institution = {W3C},
	Month = oct,
	Note = {http://www.w3.org/TR/2004/REC-xmlschema-2-20041028/},
	Title = {{XML} Schema Part 2: Datatypes Second Edition},
	Type = {{W3C} Recommendation},
	Year = {2004}}

@inproceedings{DBLP:conf/concur/SangiorgiM92,
	Author = {Davide Sangiorgi and Robin Milner},
	Bibsource = {DBLP, http://dblp.uni-trier.de},
	Booktitle = {CONCUR},
	Crossref = {DBLP:conf/concur/1992},
	Pages = {32-46},
	Title = {The Problem of ``Weak Bisimulation up to''.},
	Year = {1992}}

@inproceedings{DBLP:conf/concur/Pous06,
	Author = {Damien Pous},
	Bibsource = {DBLP, http://dblp.uni-trier.de},
	Booktitle = {CONCUR},
	Crossref = {DBLP:conf/concur/2006},
	Ee = {http://dx.doi.org/10.1007/11817949_26},
	Pages = {390-405},
	Title = {Weak Bisimulation Up to Elaboration.},
	Year = {2006}}

@proceedings{DBLP:conf/concur/2006,
  editor    = {Christel Baier and
               Holger Hermanns},
  title     = {CONCUR 2006 - Concurrency Theory, 17th International Conference,
               CONCUR 2006, Bonn, Germany, August 27-30, 2006, Proceedings},
  booktitle = {CONCUR},
  publisher = {Springer},
  series    = {Lecture Notes in Computer Science},
  volume    = {4137},
  year      = {2006},
  isbn      = {3-540-37376-4},
  bibsource = {DBLP, http://dblp.uni-trier.de}
}

@inproceedings{DBLP:conf/calco/Abramsky05,
  author    = {Samson Abramsky},
  title     = {Abstract Scalars, Loops, and Free Traced and Strongly Compact
               Closed Categories.},
  booktitle = {CALCO},
  year      = {2005},
  pages     = {1-29},
  ee        = {http://dx.doi.org/10.1007/11548133_1},
  crossref  = {DBLP:conf/calco/2005},
  bibsource = {DBLP, http://dblp.uni-trier.de}
}

@proceedings{DBLP:conf/calco/2005,
  editor    = {Jos{\'e} Luiz Fiadeiro and
               Neil Harman and
               Markus Roggenbach and
               Jan J. M. M. Rutten},
  title     = {Algebra and Coalgebra in Computer Science: First International
               Conference, CALCO 2005, Swansea, UK, September 3-6, 2005,
               Proceedings},
  booktitle = {CALCO},
  publisher = {Springer},
  series    = {Lecture Notes in Computer Science},
  volume    = {3629},
  year      = {2005},
  isbn      = {3-540-28620-9},
  bibsource = {DBLP, http://dblp.uni-trier.de}
}

@inproceedings{DBLP:conf/dagstuhl/AbramskyC05,
  author    = {Samson Abramsky and
               Bob Coecke},
  title     = {Discrete classical vs. continuous quantum data in abstract
               quantum mechanics.},
  booktitle = {Spatial Representation},
  year      = {2005},
  ee        = {http://drops.dagstuhl.de/opus/volltexte/2005/131},
  crossref  = {DBLP:conf/dagstuhl/2005P4351},
  bibsource = {DBLP, http://dblp.uni-trier.de}
}

@proceedings{DBLP:conf/dagstuhl/2005P4351,
  editor    = {Ralph Kopperman and
               Michael B. Smyth and
               Dieter Spreen and
               Julian Webster},
  title     = {Spatial Representation: Discrete vs. Continuous Computational
               Models},
  booktitle = {Spatial Representation},
  publisher = {Internationales Begegnungs- und Forschungszentrum f{\"u}r
               Informatik (IBFI), Schloss Dagstuhl, Germany IBFI, Schloss Dagstuhl, Germany},
  series    = {Dagstuhl Seminar Proceedings},
  volume    = {04351},
  year      = {2005},
  bibsource = {DBLP, http://dblp.uni-trier.de}
}

@inproceedings{DBLP:conf/lics/AbramskyC04,
  author    = {Samson Abramsky and
               Bob Coecke},
  title     = {A Categorical Semantics of Quantum Protocols.},
  booktitle = {LICS},
  year      = {2004},
  pages     = {415-425},
  ee        = {http://csdl.computer.org/comp/proceedings/lics/2004/2192/00/21920415abs.htm},
  crossref  = {DBLP:conf/lics/2004},
  bibsource = {DBLP, http://dblp.uni-trier.de}
}

@inproceedings{DBLP:conf/lics/Abramsky04,
  author    = {Samson Abramsky},
  title     = {High-Level Methods for Quantum Computation and Information.},
  booktitle = {LICS},
  year      = {2004},
  pages     = {410-414},
  ee        = {http://csdl.computer.org/comp/proceedings/lics/2004/2192/00/21920410abs.htm},
  crossref  = {DBLP:conf/lics/2004},
  bibsource = {DBLP, http://dblp.uni-trier.de}
}

@article{DBLP:journals/tcs/Abramsky05,
  author    = {Samson Abramsky},
  title     = {A structural approach to reversible computation.},
  journal   = {Theor. Comput. Sci.},
  volume    = {347},
  number    = {3},
  year      = {2005},
  pages     = {441-464},
  ee        = {http://dx.doi.org/10.1016/j.tcs.2005.07.002},
  bibsource = {DBLP, http://dblp.uni-trier.de}
}

@inproceedings{DBLP:conf/popl/GayN05,
  author    = {Simon J. Gay and
               Rajagopal Nagarajan},
  title     = {Communicating quantum processes.},
  booktitle = {POPL},
  year      = {2005},
  pages     = {145-157},
  ee        = {http://doi.acm.org/10.1145/1040305.1040318},
  crossref  = {DBLP:conf/popl/2005},
  bibsource = {DBLP, http://dblp.uni-trier.de}
}

@proceedings{DBLP:conf/popl/2005,
  editor    = {Jens Palsberg and
               Mart\'{\i}n Abadi},
  title     = {Proceedings of the 32nd ACM SIGPLAN-SIGACT Symposium on
               Principles of Programming Languages, POPL 2005, Long Beach,
               California, USA, January 12-14, 2005},
  booktitle = {POPL},
  publisher = {ACM},
  year      = {2005},
  isbn      = {1-58113-830-X},
  bibsource = {DBLP, http://dblp.uni-trier.de}
}

@book{517362,
 author = {Tom Siegfried},
 title = {The  Bit and the Pendulum: From Quantum Computing to M Theory -- The New Physics of Information},
 year = {2000},
 isbn = {0471399744},
 publisher = {John Wiley \& Sons, Inc.},
 address = {New York, NY, USA},
 }

@inproceedings{HowComeTime,
  author    = {John A. Wheeler},
  title     = {How Come Time?},
  booktitle = {Physical Origins of Time Asymmetry},
  year      = {1994},
  pages     = {1-32},
  crossref  = {PhysicalOriginsTimeAsymmetry},
}
@book{PhysicalOriginsTimeAsymmetry,
  editor = {J.J. Halliwell and J. Perez-Mercader and W.H. Zurek},
  title = {Physical Origins of Time Asymmetry},
  year = {1994},
  publisher = {Cambridge University Press},
  isbn = {9780521568371},
  address = {Cambridge, UK},
}

@inproceedings{DBLP:conf/flops/Selinger04,
  author    = {Peter Selinger},
  title     = {A Brief Survey of Quantum Programming Languages.},
  booktitle = {FLOPS},
  year      = {2004},
  pages     = {1-6},
  ee        = {http://springerlink.metapress.com/openurl.asp?genre=article{\&}issn=0302-9743{\&}volume=2998{\&}spage=1},
  crossref  = {DBLP:conf/flops/2004},
  bibsource = {DBLP, http://dblp.uni-trier.de}
}

@proceedings{DBLP:conf/flops/2004,
  editor    = {Yukiyoshi Kameyama and
               Peter J. Stuckey},
  title     = {Functional and Logic Programming, 7th International Symposium,
               FLOPS 2004, Nara, Japan, April 7-9, 2004, Proceedings},
  booktitle = {FLOPS},
  publisher = {Springer},
  series    = {Lecture Notes in Computer Science},
  volume    = {2998},
  year      = {2004},
  isbn      = {3-540-21402-X},
  bibsource = {DBLP, http://dblp.uni-trier.de}
}

@inproceedings{DBLP:conf/tlca/SelingerV05,
  author    = {Peter Selinger and
               Benoit Valiron},
  title     = {A Lambda Calculus for Quantum Computation with Classical
               Control.},
  booktitle = {TLCA},
  year      = {2005},
  pages     = {354-368},
  ee        = {http://springerlink.metapress.com/openurl.asp?genre=article{\&}issn=0302-9743{\&}volume=3461{\&}spage=354},
  crossref  = {DBLP:conf/tlca/2005},
  bibsource = {DBLP, http://dblp.uni-trier.de}
}

@proceedings{DBLP:conf/tlca/2005,
  editor    = {Pawel Urzyczyn},
  title     = {Typed Lambda Calculi and Applications, 7th International
               Conference, TLCA 2005, Nara, Japan, April 21-23, 2005, Proceedings},
  booktitle = {TLCA},
  publisher = {Springer},
  series    = {Lecture Notes in Computer Science},
  volume    = {3461},
  year      = {2005},
  isbn      = {3-540-25593-1},
  bibsource = {DBLP, http://dblp.uni-trier.de}
}

@inproceedings{DBLP:conf/concur/Yoshida98,
  author    = {Nobuko Yoshida},
  title     = {Minimality and Separation Results on Asynchronous Mobile
               Processes: Representability Theorems by Concurrent Combinators
               (Extended Abstract).},
  booktitle = {CONCUR},
  year      = {1998},
  pages     = {131-146},
  ee        = {http://link.springer.de/link/service/series/0558/bibs/1466/14660131.htm},
  crossref  = {DBLP:conf/concur/1998},
  bibsource = {DBLP, http://dblp.uni-trier.de}
}

@proceedings{DBLP:conf/concur/1998,
  editor    = {Davide Sangiorgi and
               Robert de Simone},
  title     = {CONCUR '98: Concurrency Theory, 9th International Conference,
               Nice, France, September 8-11, 1998, Proceedings},
  booktitle = {CONCUR},
  publisher = {Springer},
  series    = {Lecture Notes in Computer Science},
  volume    = {1466},
  year      = {1998},
  isbn      = {3-540-64896-8},
  bibsource = {DBLP, http://dblp.uni-trier.de}
}

@book{375178,
 author = {Gerald Jay Sussman and Jack Wisdom},
 title = {Structure and interpretation of classical mechanics},
 year = {2001},
 isbn = {0-262-19455-4},
 publisher = {MIT Press},
 address = {Cambridge, MA, USA},
 }

@book{Gravitation,
 author = {Charles Misner and Kip S. Thorne and John Archibald Wheeler},
 title = {Gravitation},
 year = {1973},
 publisher = {W. H. Freeman},
 address = {San Francisco, CA, USA},
 isbn = {0-7167-0344-0},
}

@ARTICLE{1986AmJPh..54..668S,
   author = {{Sakurai}, J.~J. and {Liboff}, R.~L.},
    title = "{Modern Quantum Mechanics}",
  journal = {American Journal of Physics},
     year = 1986,
    month = jul,
   volume = 54,
    pages = {668-668},
      doi = {10.1119/1.14491},
   adsurl = {http://adsabs.harvard.edu/abs/1986AmJPh..54..668S},
  adsnote = {Provided by the Smithsonian/NASA Astrophysics Data System}
}

@book{Dirac1930,
    author = "Dirac, P. A. M.",
    title = "The principles of quantum mechanics",
    year = "1930",
    publisher = "Oxford",
    edition = "4",
    keywords = "SCItext",
}

@phdthesis{bcsmith:phdthesis,
   author = {Brian Cantwell Smith},
   title = {Reflection and Semantics in a Procedural Language},
   school = {Massachusetts Institute of Technology},
   number = {MIT-LCS-TR-272},
   month = {January},
   year = {1982},
   url = {http://repository.readscheme.org/ftp/papers/bcsmith-thesis.pdf},
}

@inproceedings{319871,
 author = {Mitchell Wand and Daniel P. Friedman},
 title = {The mystery of the tower revealed: a non-reflective description of the reflective tower},
 booktitle = {LFP '86: Proceedings of the 1986 ACM conference on LISP and functional programming},
 year = {1986},
 isbn = {0-89791-200-4},
 pages = {298--307},
 location = {Cambridge, Massachusetts, United States},
 doi = {http://doi.acm.org/10.1145/319838.319871},
 publisher = {ACM Press},
 address = {New York, NY, USA},
 }

@inproceedings{DBLP:conf/fossacs/BreugelMOW03,
  author    = {Franck van Breugel and
               Michael W. Mislove and
               Jo{\"e}l Ouaknine and
               James Worrell},
  title     = {An Intrinsic Characterization of Approximate Probabilistic
               Bisimilarity.},
  booktitle = {FoSSaCS},
  year      = {2003},
  pages     = {200-215},
  ee        = {http://link.springer.de/link/service/series/0558/bibs/2620/26200200.htm},
  crossref  = {DBLP:conf/fossacs/2003},
  bibsource = {DBLP, http://dblp.uni-trier.de}
}

@proceedings{DBLP:conf/fossacs/2003,
  editor    = {Andrew D. Gordon},
  title     = {Foundations of Software Science and Computational Structures,
               6th International Conference, FOSSACS 2003 Held as Part
               of the Joint European Conference on Theory and Practice
               of Software, ETAPS 2003, Warsaw, Poland, April 7-11, 2003,
               Proceedings},
  booktitle = {FoSSaCS},
  publisher = {Springer},
  series    = {Lecture Notes in Computer Science},
  volume    = {2620},
  year      = {2003},
  isbn      = {3-540-00897-7},
  bibsource = {DBLP, http://dblp.uni-trier.de}
}

@book{544199,
 author = {Isaac L. Chuang and Michael A. Nielsen},
 title = {Quantum computation and quantum information},
 year = {2000},
 isbn = {0-521-63503-9},
 publisher = {Cambridge University Press},
 address = {New York, NY, USA},
 }

@book{MathematicalFoundationsQM,
 author = {J. von Neumann},
 title = {Mathematical Foundations of Quantum Mechanics},
 publisher = {Princeton University Press}, 
 year = {1955},
}

